<record xmlns="http://www.loc.gov/MARC21/slim" xmlns:xsi="http://www.w3.org/2001/XMLSchema-instance" xsi:schemaLocation="http://www.loc.gov/MARC21/slim http://www.loc.gov/standards/marcxml/schema/MARC21slim.xsd"><leader>     nam a22        4500</leader><controlfield tag="001">001684016</controlfield><controlfield tag="003">NNU</controlfield><controlfield tag="006">m        d        </controlfield><controlfield tag="007">cr cn |||m|||a</controlfield><controlfield tag="008">150313s1969    iq      ob    000 0bara  </controlfield><datafield ind1=" " ind2=" " tag="040"><subfield code="a">NNU</subfield><subfield code="b">eng</subfield><subfield code="c">NNU</subfield></datafield><datafield ind1="0" ind2=" " tag="050"><subfield code="a">BP80.F36</subfield><subfield code="b">M83</subfield></datafield><datafield ind1=" " ind2=" " tag="066"><subfield code="c">(3</subfield></datafield><datafield ind1=" " ind2=" " tag="090"><subfield code="a">BP80.F36</subfield><subfield code="b">M83</subfield></datafield><datafield ind1="1" ind2=" " tag="100"><subfield code="6">880-01</subfield><subfield code="a">Mu&#7717;ammad, &#699;Abd al-Zahr&#257;&#700; &#699;Uthm&#257;n</subfield></datafield><datafield ind1="1" ind2="3" tag="245"><subfield code="6">880-02</subfield><subfield code="a">al-Zahr&#257;&#700; F&#257;&#7789;imah bint Mu&#7717;ammad</subfield><subfield code="h">[electronic resource] /</subfield><subfield code="c">ta&#700;l&#299;f &#699;Abd al-Zahr&#257;&#700; &#699;Uthm&#257;n Mu&#7717;ammad.</subfield></datafield><datafield ind1=" " ind2=" " tag="250"><subfield code="6">880-03</subfield><subfield code="a">al-&#7788;ab&#699;ah 1.</subfield></datafield><datafield ind1=" " ind2=" " tag="260"><subfield code="6">880-04</subfield><subfield code="a">al-Najaf :</subfield><subfield code="b">Maktabat al-&#699;Alamayn al-&#699;&#256;mmah,</subfield><subfield code="c">1969.</subfield></datafield><datafield ind1=" " ind2=" " tag="300"><subfield code="a">online resource (223 p.)</subfield></datafield><datafield ind1="1" ind2=" " tag="490"><subfield code="6">880-05</subfield><subfield code="a">Maktabat al-&#699;alamayn al-&#699;&#257;mmah ;</subfield><subfield code="v">14</subfield></datafield><datafield ind1=" " ind2=" " tag="500"><subfield code="a">Part of the Arabic Collections Online (ACO) project, contributed by New York Univeristy Libraries.</subfield></datafield><datafield ind1=" " ind2=" " tag="504"><subfield code="a">Bibliography: p. 220.</subfield></datafield><datafield ind1=" " ind2=" " tag="533"><subfield code="a">Electronic reproduction.</subfield><subfield code="b">New York, N.Y. :</subfield><subfield code="c">New York University,</subfield><subfield code="d">2015.</subfield><subfield code="5">NNU</subfield></datafield><datafield ind1="0" ind2="0" tag="600"><subfield code="a">F&#257;&#7789;imah,</subfield><subfield code="d">d. 632 or 3.</subfield></datafield><datafield ind1="2" ind2=" " tag="710"><subfield code="a">New York University.</subfield><subfield code="b">Libraries.</subfield></datafield><datafield ind1="0" ind2=" " tag="730"><subfield code="a">Arabic Collections Online.</subfield></datafield><datafield ind1="0" ind2="8" tag="776"><subfield code="i">Print version:</subfield><subfield code="a">Mu&#7717;ammad, &#699;Abd al-Zahr&#257;&#700; &#699;Uthm&#257;n 880-01</subfield><subfield code="t">al-Zahr&#257;&#700; F&#257;&#7789;imah bint Mu&#7717;ammad</subfield><subfield code="w">(NNU)001684016</subfield><subfield code="w">(DLC)77248946</subfield></datafield><datafield ind1="4" ind2="0" tag="856"><subfield code="u">http://hdl.handle.net/2333.1/wpzgmvrp</subfield></datafield><datafield ind1="1" ind2=" " tag="880"><subfield code="6">100-01/</subfield><subfield code="a">&#1605;&#1581;&#1605;&#1583;&#1548; &#1593;&#1576;&#1583; &#1575;&#1604;&#1586;&#1607;&#1585;&#1575;&#1569; &#1593;&#1579;&#1605;&#1575;&#1606;.</subfield></datafield><datafield ind1="1" ind2="2" tag="880"><subfield code="6">245-02/</subfield><subfield code="a">&#1575;&#1604;&#1586;&#1607;&#1585;&#1575;&#1569; &#1601;&#1575;&#1591;&#1605;&#1577; &#1576;&#1606;&#1578; &#1605;&#1581;&#1605;&#1583; /</subfield><subfield code="c">&#1578;&#1571;&#1604;&#1610;&#1601; &#1593;&#1576;&#1583; &#1575;&#1604;&#1586;&#1607;&#1585;&#1575;&#1569; &#1593;&#1579;&#1605;&#1575;&#1606; &#1605;&#1581;&#1605;&#1583;.</subfield></datafield><datafield ind1=" " ind2=" " tag="880"><subfield code="6">250-03/</subfield><subfield code="a">&#1575;&#1604;&#1591;&#1576;&#1593;&#1577; 1.</subfield></datafield><datafield ind1=" " ind2=" " tag="880"><subfield code="6">260-04/</subfield><subfield code="a">&#1575;&#1604;&#1606;&#1580;&#1601; :</subfield><subfield code="b">&#1605;&#1603;&#1578;&#1576;&#1577; &#1575;&#1604;&#1593;&#1604;&#1605;&#1610;&#1606; &#1575;&#1604;&#1593;&#1575;&#1605;&#1577;&#1548;</subfield><subfield code="c">1969.</subfield></datafield><datafield ind1="1" ind2=" " tag="880"><subfield code="6">490-05/</subfield><subfield code="a">&#1605;&#1603;&#1578;&#1576;&#1577; &#1575;&#1604;&#1593;&#1604;&#1605;&#1610;&#1606; &#1575;&#1604;&#1593;&#1575;&#1605;&#1577; &#1563;</subfield><subfield code="v">14</subfield></datafield><datafield ind1=" " ind2="0" tag="830"><subfield code="6">880-06</subfield><subfield code="a">Maktabat al-&#699;alamayn al-&#699;&#257;mmah</subfield><subfield code="v">14.</subfield></datafield><datafield ind1=" " ind2="0" tag="880"><subfield code="6">830-06/</subfield><subfield code="a">&#1605;&#1603;&#1578;&#1576;&#1577; &#1575;&#1604;&#1593;&#1604;&#1605;&#1610;&#1606; &#1575;&#1604;&#1593;&#1575;&#1605;&#1577; &#1563;</subfield><subfield code="v">14</subfield></datafield><datafield ind1=" " ind2=" " tag="959"><subfield code="a">NNU</subfield><subfield code="b">WEB</subfield><subfield code="c">GENI</subfield><subfield code="t">0</subfield><subfield code="m">Electronic access</subfield><subfield code="s">01</subfield></datafield><datafield ind1=" " ind2=" " tag="999"><subfield code="i">NNU_001684016</subfield><subfield code="s">nyu_aco000629</subfield></datafield></record>